@ONLINE {show2016,
    author = "sh-ow",
    title  = "modelsim2latex",
    month  = "jan",
    year   = "2016",
    url    = "https://github.com/sh-ow/modelsim2latex/"
}